@article{brin2012reprint,
  title={Reprint of: The anatomy of a large-scale hypertextual web search engine},
  author={Brin, Sergey and Page, Lawrence},
  journal={Computer networks},
  volume={56},
  number={18},
  pages={3825--3833},
  year={2012},
  publisher={Elsevier}
}

@article{russell1995artificial,
  title={Artificial intelligence: a modern approach},
  author={Russell, Stuart and Norvig, Peter},
  year={1995}
}

@book{hartley2003multiple,
  title={Multiple view geometry in computer vision},
  author={Hartley, Richard and Zisserman, Andrew},
  year={2003},
  publisher={Cambridge university press}
}

@article{hinton2006fast,
  title={A fast learning algorithm for deep belief nets},
  author={Hinton, Geoffrey E and Osindero, Simon and Teh, Yee-Whye},
  journal={Neural computation},
  volume={18},
  number={7},
  pages={1527--1554},
  year={2006},
  publisher={MIT Press}
}

@article{goldberg1988genetic,
  title={Genetic algorithms and machine learning},
  author={Goldberg, David E and Holland, John H},
  journal={Machine learning},
  volume={3},
  number={2},
  pages={95--99},
  year={1988},
  publisher={Springer}
}

@online{google,
  author = {Google Inc.},
  title = {Google home page},
  year = 2015,
  url = {https://www.google.com},
  urldate = {2015-06-12}
}


